@inproceedings {Steiner:SemWebVid,
Author = {Thomas Steiner},
Title = {SemWebVid - Making Video a First Class Semantic Web Citizen and a First Class Web Bourgeois},
Booktitle = {9th International Semantic Web Conference (ISWC2010)},
Year = {2010},
Month = {November},
Url = {http://data.semanticweb.org/conference/iswc/2010/paper/469}
}

@Misc{Atom:Synd,
  author = {M. Nottingham and J. Sayre},
  title =        {{The Atom Syndication Format}},
  year =         {December 2005},  
  note =         {\url{http://tools.ietf.org/html/rfc4287}}
}

@Misc{Atom:Pub,
  author = {J. Gregorio and Bill de h{\'O}ra},
  title =        {{The Atom Publishing Protocol}},
  year =         {October 2007},  
  note =         {\url{http://tools.ietf.org/html/rfc5023}}
}

@Misc{HTTP:RDF,
  author = {Johannes Koch and Carlos A. Velasco},
  title =        {{HTTP Vocabulary in RDF 1.0}},
  year =         {29 October 2009},  
  note =         {\url{http://www.w3.org/TR/HTTP-in-RDF/}}
}

@Misc{Link:Headers,
  author = {M. Nottingham},
  title =        {{Web Linking}},
  year =         {October 2010},  
  note =         {\url{http://tools.ietf.org/html/rfc5988}}
}

@Misc{HTTP:Spec,
  author = {R. Fielding and J. Gettys and J. Mogul and H. Frystyk and L. Masinter and P. Leach and T. Berners-Lee},
  title =        {{Hypertext Transfer Protocol -- HTTP/1.1}},
  year =         {June 1999},  
  note =         {\url{http://tools.ietf.org/html/rfc2616}}
}

@Misc{Google:Data,
  author = {Google},
  title =        {{Google Data Protocol}},
  year =         {retrieved on February 10, 2011},  
  note =         {\url{http://code.google.com/apis/gdata/}}
}

@Misc{CommonTag:Spec,
  author = {},
  title =        {{Common Tag Specification}},
  year =         {retrieved February 7, 2011},  
  note =         {\url{http://commontag.org/Specification}}
}

@Misc{Hartig:Provenance,
  author =       {Olaf Hartig and Jun Zhao},
  title =        {{Provenance Vocabulary Core Ontology Specification}},
  year =         {January 25, 2011},
  note =         {\url{http://purl.org/net/provenance/ns}}
}

@inproceedings{ipaw10:olaf,
  author = {Olaf Hartig and Jun Zhao},
  title = {Publishing and Consuming Provenance Metadata on the Web of Linked Data},
  booktitle = {Proceedings of The third International Provenance and Annotation Workshop},
  year = {2010},
  address = {Troy, NY, USA}
}

@inproceedings{Sack:Use,
  author = {J\"{o}rg Waitelonis and Nadine Ludwig and Harald Sack},
  title = {Use What You Have: Yovisto Video Search Engine Takes a Semantic Turn},
  booktitle = {5th International Conference on Semantic and Digital Media Technologies},
  year = {2010},
  address = {Saarbr\"{u}cken, Germany}
}

@Misc{Princeton:WordNet,
  author =       {Princeton},
  title =        {{WordNet}},
  note =         {\url{http://wordnet.princeton.edu/}}
}

@InCollection{Choudhury:YouTube,
    address = {Berlin, Heidelberg},
    author = {Choudhury, Smitashree and Breslin, John and Passant, Alexandre},
    booktitle = {The Semantic Web - ISWC 2009},
    chapter = {47},
    pages = {747--762},
    publisher = {Springer Berlin / Heidelberg},
    series = {Lecture Notes in Computer Science},
    title = {{Enrichment and Ranking of the YouTube Tag Space and Integration with the Linked Data Cloud}},
    volume = {5823},
    year = {2009}
}

@Misc{Bizer:TriG,
  author =       {Chris Bizer and Richard Cyganiak},
  title =        {{The TriG Syntax}},
  year =         {July 30, 2007},
  note =         {\url{http://www4.wiwiss.fu-berlin.de/bizer/TriG/}}
}

@Misc{Drumbeat:Popcorn,
  author =       {Brett Gaylor},
  title =        {{Popcorn.js Semantic Video demo}},
  howpublished = {Mozilla Drumbeat Project},
  year =         {August 16, 2010},
  note =         {\url{http://www.drumbeat.org/content/popcorn-js-semantic-video-demo}}
}

@Misc{Kobilarov:Uberblic,
  author =       {Georgi Kobilarov},
  title =        {{ANN: Uberblic.org - Integrating the Web of Data}},
  howpublished = {public-lod@w3.org Mail Archives},
  year =         {January 29, 2010},
  note =         {\url{http://lists.w3.org/Archives/Public/public-lod/2010Jan/0139.html}}
}

@Misc{W3C:MediaFrags,
  author =       {W3C},
  title =        {{Media Fragments URI}},
  howpublished = {W3C Working Draft},
  year =         {December 8, 2010},
  note =         {\url{http://www.w3.org/2008/WebVideo/Fragments/WD-media-fragments-spec/}}
}

@Misc{W3C:MediaOntology,
  author =       {W3C},
  title =        {{Ontology for Media Resource}},
  howpublished = {W3C Working Draft},
  year =         {June 8, 2010},
  note =         {\url{http://www.w3.org/TR/2010/WD-mediaont-10-20100608/}}
}

@InProceedings {Bizer:DBpedia,
  author = {S\"{o}ren Auer and Christian Bizer and Georgi Kobilarov and Jens Lehmann and Richard Cyganiak and Zachary G. Ives},
  booktitle = {The Semantic Web, 6th International Semantic Web Conference, 2nd Asian Semantic Web Conference, ISWC 2007 + ASWC 2007, Busan, Korea, November 11-15, 2007},
  title = {DBpedia: A Nucleus for a Web of Open Data},
  year = {2007},
  pages = {722-735}
}

@inproceedings{Sack:VideoSearch,
 author = {Waitelonis, J\"{o}rg and Sack, Harald and Hercher, Johannes and Kramer, Zalan},
 title = {Semantically enabled exploratory video search},
 booktitle = {Proceedings of the 3rd International Semantic Search Workshop},
 series = {SEMSEARCH '10},
 year = {2010},
 isbn = {978-1-4503-0130-5},
 location = {Raleigh, North Carolina},
 pages = {8:1--8:8},
 articleno = {8},
 numpages = {8},
 url = {http://doi.acm.org/10.1145/1863879.1863887},
 doi = {http://doi.acm.org/10.1145/1863879.1863887},
 acmid = {1863887},
 publisher = {ACM},
 address = {New York, NY, USA},
 keywords = {exploratory search, linked data, semantic search, semantic video search, video search},
} 

@InProceedings{Tummarello:Sindice,
 author = {Tummarello, Giovanni and Delbru, Renaud and Oren, Eyal},
 title = {Sindice.com: weaving the open linked data},
 booktitle = {Proceedings of the 6th international The semantic web and 2nd Asian conference on Asian semantic web conference},
 series = {ISWC'07/ASWC'07},
 year = {2007},
 location = {Busan, Korea},
 pages = {552--565},
}

@Misc{NYTimes:Freebase,
  author =       {John Markoff},
  title =        {{Start-Up Aims for Database to Automate Web Searching}},
  howpublished = {The New York Times},
  year =         {March 9, 2007},
  note =         {\url{http://www.nytimes.com/2007/03/09/technology/09data.html?_r=2&oref=slogin}}
}